<?xml version="1.0" encoding="UTF-8"?><record xmlns="http://www.loc.gov/MARC21/slim" xmlns:cinclude="http://apache.org/cocoon/include/1.0" xmlns:zs="http://www.loc.gov/zing/srw/">
  <leader>00356nz  a2200133n  4500</leader>
  <controlfield tag="001">no 97049543 </controlfield>
  <controlfield tag="003">DLC</controlfield>
  <controlfield tag="005">19970823053403.9</controlfield>
  <controlfield tag="008">970822n| acannaab|          |n ana     c</controlfield>
  <datafield tag="010" ind1=" " ind2=" ">
    <subfield code="a">no 97049543 </subfield>
  </datafield>
  <datafield tag="035" ind1=" " ind2=" ">
    <subfield code="a">(OCoLC)oca04413145 </subfield>
  </datafield>
  <datafield tag="040" ind1=" " ind2=" ">
    <subfield code="a">NdFA</subfield>
    <subfield code="c">NdFA</subfield>
  </datafield>
  <datafield tag="110" ind1="2" ind2="0">
    <subfield code="a">Pro Video (Firm : Fargo, N.D.)</subfield>
  </datafield>
  <datafield tag="670" ind1=" " ind2=" ">
    <subfield code="a">The 1996 Redhawks, c1996:</subfield>
    <subfield code="b">title frames (Pro Video)</subfield>
  </datafield>
</record>